@book{thrt23,
  author = {G. James and D. Witten and T. Hastie and R. Tibshirani and J. Taylor},
  title = {An Introduction to Statistical Learning},
  year = {2023},
  issue_date = {July 5, 2023},
  publisher = {Springer},
  address = {USA},
  volume = {},
  number = {},
  issn = {},
  url = {https://hastie.su.domains/ISLP/ISLP_website.pdf},
  doi = {},
  journal = {},
  month = ,
  pages = {},
  numpages = {}
}


